<record><leader>00000cas a22000007a 4500</leader><controlfield tag="001">20556325</controlfield><controlfield tag="008">891027d19581960mduwr ne      0    0eng d</controlfield><datafield ind1=" " ind2=" " tag="010"><subfield code="a">sn 89060229 </subfield></datafield><datafield ind1=" " ind2=" " tag="040"><subfield code="a">MFN</subfield><subfield code="b">eng</subfield><subfield code="c">MFN</subfield><subfield code="d">OCLCQ</subfield></datafield><datafield ind1=" " ind2=" " tag="042"><subfield code="a">msc</subfield></datafield><datafield ind1="0" ind2=" " tag="130"><subfield code="a">Saint Mary's journal (Leonardtown, Md.)</subfield></datafield><datafield ind1="1" ind2="0" tag="245"><subfield code="a">Saint Mary's journal.</subfield></datafield><datafield ind1="1" ind2="7" tag="246"><subfield code="a">St. Mary's journal</subfield></datafield><datafield ind1=" " ind2=" " tag="260"><subfield code="a">[Leonardtown, Md.] :</subfield><subfield code="b">Walter B. Dorsey</subfield></datafield><datafield ind1=" " ind2=" " tag="300"><subfield code="a">v.</subfield></datafield><datafield ind1=" " ind2=" " tag="310"><subfield code="a">Weekly</subfield></datafield><datafield ind1="0" ind2=" " tag="362"><subfield code="a">Vol. 1, no. 1 (Feb. 13, 1958)-</subfield></datafield><datafield ind1="1" ind2=" " tag="362"><subfield code="a">Ceased in 1960?</subfield></datafield><datafield ind1=" " ind2=" " tag="752"><subfield code="a">United States</subfield><subfield code="b">Maryland</subfield><subfield code="c">Saint Mary's</subfield><subfield code="d">Leonardtown.</subfield></datafield></record>